% Add the references below. You need to run bibtex and then latex
%  over the report to see the updated references.

% Authors are alphabetized by last names.  When an author is an institutions,
%  the name is enclosed in curly brackets to force alphabetizing by the
%  first letter of the name , e.g., {American Mathematical Society}, as in
%  an entry below.

@book{deeplearningbook,
    title={Deep Learning},
    author={Ian Goodfellow and Yoshua Bengio and Aaron Courville},
    publisher={MIT Press},
    year={2016}
}

@misc{GAN,
  Author = {Ian J. Goodfellow and Jean Pouget-Abadie and Mehdi Mirza and Bing Xu and David Warde-Farley and Sherjil Ozair and Aaron Courville and Yoshua Bengio},
  Title = {Generative Adversarial Networks},
  Year = {2014},
  Eprint = {arXiv:1406.2661},
}

@misc{CycleGAN,
  Author = {Jun-Yan Zhu and Taesung Park and Phillip Isola and Alexei A. Efros},
  Title = {Unpaired Image-to-Image Translation using Cycle-Consistent Adversarial Networks},
  Year = {2017},
  Eprint = {arXiv:1703.10593},
}

@misc{LSGAN,
  Author = {Xudong Mao and Qing Li and Haoran Xie and Raymond Y. K. Lau and Zhen Wang and Stephen Paul Smolley},
  Title = {Least Squares Generative Adversarial Networks},
  Year = {2016},
  Eprint = {arXiv:1611.04076},
}

@misc{inst_norm,
  Author = {Dmitry Ulyanov and Andrea Vedaldi and Victor Lempitsky},
  Title = {Instance Normalization: The Missing Ingredient for Fast Stylization},
  Year = {2016},
  Eprint = {arXiv:1607.08022},
}

@misc{resnet,
  Author = {Kaiming He and Xiangyu Zhang and Shaoqing Ren and Jian Sun},
  Title = {Deep Residual Learning for Image Recognition},
  Year = {2015},
  Eprint = {arXiv:1512.03385},
}

@misc{unet,
  Author = {Olaf Ronneberger and Philipp Fischer and Thomas Brox},
  Title = {U-Net: Convolutional Networks for Biomedical Image Segmentation},
  Year = {2015},
  Eprint = {arXiv:1505.04597},
}

@misc{improved_tech_GANs,
  Author = {Tim Salimans and Ian Goodfellow and Wojciech Zaremba and Vicki Cheung and Alec Radford and Xi Chen},
  Title = {Improved Techniques for Training GANs},
  Year = {2016},
  Eprint = {arXiv:1606.03498},
}

@misc{note_on_inception,
Author = {Shane Barratt and Rishi Sharma},
Title = {A Note on the Inception Score},
Year = {2018},
Eprint = {arXiv:1801.01973},
}

@inproceedings{liu2015faceattributes,
 author = {Ziwei Liu and Ping Luo and Xiaogang Wang and Xiaoou Tang},
 title = {Deep Learning Face Attributes in the Wild},
 booktitle = {Proceedings of International Conference on Computer Vision (ICCV)},
 month = December,
 year = {2015} 
}

@ARTICLE{CUHK_faces, 
  author={X. Wang and X. Tang}, 
  journal={IEEE Transactions on Pattern Analysis and Machine Intelligence}, 
  title={Face Photo-Sketch Synthesis and Recognition}, 
  year={2009}, 
  volume={31}, 
  number={11}, 
  pages={1955-1967}, 
  keywords={face recognition;image processing;Markov processes;face recognition;photo-sketch synthesis;multiscale Markov random fields model;query sketch;Face recognition;Humans;Image databases;Psychology;Shape;Markov random fields;Nose;Law enforcement;Information retrieval;Image recognition;Face recognition;face sketch synthesis;face sketch recognition;multiscale Markov random field.;Face and gesture recognition;Image-based rendering;Applications;Algorithms;Artificial Intelligence;Biometry;Face;Humans;Image Enhancement;Image Interpretation, Computer-Assisted;Paintings;Pattern Recognition, Automated;Photography;Reproducibility of Results;Sensitivity and Specificity;Subtraction Technique;User-Computer Interface}, 
  doi={10.1109/TPAMI.2008.222}, 
  ISSN={0162-8828}, 
  month={Nov},
}

@Article{dlib,
  author = {Davis E. King},
  title = {Dlib-ml: A Machine Learning Toolkit},
  journal = {Journal of Machine Learning Research},
  year = {2009},
  volume = {10},
  pages = {1755-1758},
}
